2023-12-24 21:42:48.009 ,SWQ9JK4890RF,91282CJL6,SELL,1000000,100-000,DONE,
2023-12-24 21:42:48.009 ,SWQ9JK4890RF,91282CJL6,BUY,2000000,99-000,DONE,
2023-12-24 21:42:48.009 ,SWQ9JK4890RF,91282CJL6,SELL,3000000,100-000,DONE,
2023-12-24 21:42:48.009 ,SWQ9JK4890RF,91282CJL6,BUY,4000000,99-000,DONE,
2023-12-24 21:42:48.009 ,SWQ9JK4890RF,91282CJL6,SELL,5000000,100-000,DONE,
2023-12-24 21:42:48.009 ,SWQ9JK4890RF,91282CJL6,BUY,1000000,99-000,DONE,
2023-12-24 21:42:48.009 ,SWQ9JK4890RF,91282CJL6,SELL,2000000,100-000,DONE,
2023-12-24 21:42:48.009 ,SWQ9JK4890RF,91282CJL6,BUY,3000000,99-000,DONE,
2023-12-24 21:42:48.009 ,SWQ9JK4890RF,91282CJL6,SELL,4000000,100-000,DONE,
2023-12-24 21:42:48.009 ,SWQ9JK4890RF,91282CJL6,BUY,5000000,99-000,DONE,
2023-12-24 21:42:48.009 ,SWQ9JK4890RF,91282CJP7,SELL,1000000,100-000,DONE,
2023-12-24 21:42:48.009 ,SWQ9JK4890RF,91282CJP7,BUY,2000000,99-000,DONE,
2023-12-24 21:42:48.009 ,SWQ9JK4890RF,91282CJP7,SELL,3000000,100-000,DONE,
2023-12-24 21:42:48.009 ,SWQ9JK4890RF,91282CJP7,BUY,4000000,99-000,DONE,
2023-12-24 21:42:48.009 ,SWQ9JK4890RF,91282CJP7,SELL,5000000,100-000,DONE,
2023-12-24 21:42:48.009 ,SWQ9JK4890RF,91282CJP7,BUY,1000000,99-000,DONE,
2023-12-24 21:42:48.010 ,SWQ9JK4890RF,91282CJP7,SELL,2000000,100-000,DONE,
2023-12-24 21:42:48.010 ,SWQ9JK4890RF,91282CJP7,BUY,3000000,99-000,DONE,
2023-12-24 21:42:48.010 ,SWQ9JK4890RF,91282CJP7,SELL,4000000,100-000,DONE,
2023-12-24 21:42:48.010 ,SWQ9JK4890RF,91282CJP7,BUY,5000000,99-000,DONE,
2023-12-24 21:42:48.010 ,SWQ9JK4890RF,91282CJN2,SELL,1000000,100-000,DONE,
2023-12-24 21:42:48.010 ,SWQ9JK4890RF,91282CJN2,BUY,2000000,99-000,DONE,
2023-12-24 21:42:48.010 ,SWQ9JK4890RF,91282CJN2,SELL,3000000,100-000,DONE,
2023-12-24 21:42:48.010 ,SWQ9JK4890RF,91282CJN2,BUY,4000000,99-000,DONE,
2023-12-24 21:42:48.010 ,SWQ9JK4890RF,91282CJN2,SELL,5000000,100-000,DONE,
2023-12-24 21:42:48.010 ,SWQ9JK4890RF,91282CJN2,BUY,1000000,99-000,DONE,
2023-12-24 21:42:48.010 ,SWQ9JK4890RF,91282CJN2,SELL,2000000,100-000,DONE,
2023-12-24 21:42:48.010 ,SWQ9JK4890RF,91282CJN2,BUY,3000000,99-000,DONE,
2023-12-24 21:42:48.010 ,SWQ9JK4890RF,91282CJN2,SELL,4000000,100-000,DONE,
2023-12-24 21:42:48.010 ,SWQ9JK4890RF,91282CJN2,BUY,5000000,99-000,DONE,
2023-12-24 21:42:48.010 ,SWQ9JK4890RF,91282CJM4,SELL,1000000,100-000,DONE,
2023-12-24 21:42:48.010 ,SWQ9JK4890RF,91282CJM4,BUY,2000000,99-000,DONE,
2023-12-24 21:42:48.010 ,SWQ9JK4890RF,91282CJM4,SELL,3000000,100-000,DONE,
2023-12-24 21:42:48.010 ,SWQ9JK4890RF,91282CJM4,BUY,4000000,99-000,DONE,
2023-12-24 21:42:48.010 ,SWQ9JK4890RF,91282CJM4,SELL,5000000,100-000,DONE,
2023-12-24 21:42:48.010 ,SWQ9JK4890RF,91282CJM4,BUY,1000000,99-000,DONE,
2023-12-24 21:42:48.010 ,SWQ9JK4890RF,91282CJM4,SELL,2000000,100-000,DONE,
2023-12-24 21:42:48.010 ,SWQ9JK4890RF,91282CJM4,BUY,3000000,99-000,DONE,
2023-12-24 21:42:48.010 ,SWQ9JK4890RF,91282CJM4,SELL,4000000,100-000,DONE,
2023-12-24 21:42:48.010 ,SWQ9JK4890RF,91282CJM4,BUY,5000000,99-000,DONE,
2023-12-24 21:42:48.010 ,SWQ9JK4890RF,91282CJJ1,SELL,1000000,100-000,DONE,
2023-12-24 21:42:48.010 ,SWQ9JK4890RF,91282CJJ1,BUY,2000000,99-000,DONE,
2023-12-24 21:42:48.010 ,SWQ9JK4890RF,91282CJJ1,SELL,3000000,100-000,DONE,
2023-12-24 21:42:48.010 ,SWQ9JK4890RF,91282CJJ1,BUY,4000000,99-000,DONE,
2023-12-24 21:42:48.010 ,SWQ9JK4890RF,91282CJJ1,SELL,5000000,100-000,DONE,
2023-12-24 21:42:48.010 ,SWQ9JK4890RF,91282CJJ1,BUY,1000000,99-000,DONE,
2023-12-24 21:42:48.010 ,SWQ9JK4890RF,91282CJJ1,SELL,2000000,100-000,DONE,
2023-12-24 21:42:48.010 ,SWQ9JK4890RF,91282CJJ1,BUY,3000000,99-000,DONE,
2023-12-24 21:42:48.010 ,SWQ9JK4890RF,91282CJJ1,SELL,4000000,100-000,DONE,
2023-12-24 21:42:48.011 ,SWQ9JK4890RF,91282CJJ1,BUY,5000000,99-000,DONE,
2023-12-24 21:42:48.011 ,SWQ9JK4890RF,912810TW8,SELL,1000000,100-000,DONE,
2023-12-24 21:42:48.011 ,SWQ9JK4890RF,912810TW8,BUY,2000000,99-000,DONE,
2023-12-24 21:42:48.011 ,SWQ9JK4890RF,912810TW8,SELL,3000000,100-000,DONE,
2023-12-24 21:42:48.011 ,SWQ9JK4890RF,912810TW8,BUY,4000000,99-000,DONE,
2023-12-24 21:42:48.011 ,SWQ9JK4890RF,912810TW8,SELL,5000000,100-000,DONE,
2023-12-24 21:42:48.011 ,SWQ9JK4890RF,912810TW8,BUY,1000000,99-000,DONE,
2023-12-24 21:42:48.011 ,SWQ9JK4890RF,912810TW8,SELL,2000000,100-000,DONE,
2023-12-24 21:42:48.011 ,SWQ9JK4890RF,912810TW8,BUY,3000000,99-000,DONE,
2023-12-24 21:42:48.011 ,SWQ9JK4890RF,912810TW8,SELL,4000000,100-000,DONE,
2023-12-24 21:42:48.011 ,SWQ9JK4890RF,912810TW8,BUY,5000000,99-000,DONE,
2023-12-24 21:42:48.011 ,SWQ9JK4890RF,912810TV0,SELL,1000000,100-000,DONE,
2023-12-24 21:42:48.011 ,SWQ9JK4890RF,912810TV0,BUY,2000000,99-000,DONE,
2023-12-24 21:42:48.011 ,SWQ9JK4890RF,912810TV0,SELL,3000000,100-000,DONE,
2023-12-24 21:42:48.011 ,SWQ9JK4890RF,912810TV0,BUY,4000000,99-000,DONE,
2023-12-24 21:42:48.011 ,SWQ9JK4890RF,912810TV0,SELL,5000000,100-000,DONE,
2023-12-24 21:42:48.011 ,SWQ9JK4890RF,912810TV0,BUY,1000000,99-000,DONE,
2023-12-24 21:42:48.011 ,SWQ9JK4890RF,912810TV0,SELL,2000000,100-000,DONE,
2023-12-24 21:42:48.011 ,SWQ9JK4890RF,912810TV0,BUY,3000000,99-000,DONE,
2023-12-24 21:42:48.011 ,SWQ9JK4890RF,912810TV0,SELL,4000000,100-000,DONE,
2023-12-24 21:42:48.011 ,SWQ9JK4890RF,912810TV0,BUY,5000000,99-000,DONE,
2023-12-24 21:44:38.426 ,QBXRCFJLYCDZ,91282CJL6,SELL,1000000,100-000,DONE,
2023-12-24 21:44:38.426 ,QBXRCFJLYCDZ,91282CJL6,BUY,2000000,99-000,DONE,
2023-12-24 21:44:38.426 ,QBXRCFJLYCDZ,91282CJL6,SELL,3000000,100-000,DONE,
2023-12-24 21:44:38.426 ,QBXRCFJLYCDZ,91282CJL6,BUY,4000000,99-000,DONE,
2023-12-24 21:44:38.426 ,QBXRCFJLYCDZ,91282CJL6,SELL,5000000,100-000,DONE,
2023-12-24 21:44:38.426 ,QBXRCFJLYCDZ,91282CJL6,BUY,1000000,99-000,DONE,
2023-12-24 21:44:38.427 ,QBXRCFJLYCDZ,91282CJL6,SELL,2000000,100-000,DONE,
2023-12-24 21:44:38.427 ,QBXRCFJLYCDZ,91282CJL6,BUY,3000000,99-000,DONE,
2023-12-24 21:44:38.427 ,QBXRCFJLYCDZ,91282CJL6,SELL,4000000,100-000,DONE,
2023-12-24 21:44:38.427 ,QBXRCFJLYCDZ,91282CJL6,BUY,5000000,99-000,DONE,
2023-12-24 21:44:38.427 ,QBXRCFJLYCDZ,91282CJP7,SELL,1000000,100-000,DONE,
2023-12-24 21:44:38.427 ,QBXRCFJLYCDZ,91282CJP7,BUY,2000000,99-000,DONE,
2023-12-24 21:44:38.427 ,QBXRCFJLYCDZ,91282CJP7,SELL,3000000,100-000,DONE,
2023-12-24 21:44:38.427 ,QBXRCFJLYCDZ,91282CJP7,BUY,4000000,99-000,DONE,
2023-12-24 21:44:38.427 ,QBXRCFJLYCDZ,91282CJP7,SELL,5000000,100-000,DONE,
2023-12-24 21:44:38.427 ,QBXRCFJLYCDZ,91282CJP7,BUY,1000000,99-000,DONE,
2023-12-24 21:44:38.427 ,QBXRCFJLYCDZ,91282CJP7,SELL,2000000,100-000,DONE,
2023-12-24 21:44:38.427 ,QBXRCFJLYCDZ,91282CJP7,BUY,3000000,99-000,DONE,
2023-12-24 21:44:38.427 ,QBXRCFJLYCDZ,91282CJP7,SELL,4000000,100-000,DONE,
2023-12-24 21:44:38.427 ,QBXRCFJLYCDZ,91282CJP7,BUY,5000000,99-000,DONE,
2023-12-24 21:44:38.427 ,QBXRCFJLYCDZ,91282CJN2,SELL,1000000,100-000,DONE,
2023-12-24 21:44:38.427 ,QBXRCFJLYCDZ,91282CJN2,BUY,2000000,99-000,DONE,
2023-12-24 21:44:38.427 ,QBXRCFJLYCDZ,91282CJN2,SELL,3000000,100-000,DONE,
2023-12-24 21:44:38.427 ,QBXRCFJLYCDZ,91282CJN2,BUY,4000000,99-000,DONE,
2023-12-24 21:44:38.427 ,QBXRCFJLYCDZ,91282CJN2,SELL,5000000,100-000,DONE,
2023-12-24 21:44:38.427 ,QBXRCFJLYCDZ,91282CJN2,BUY,1000000,99-000,DONE,
2023-12-24 21:44:38.427 ,QBXRCFJLYCDZ,91282CJN2,SELL,2000000,100-000,DONE,
2023-12-24 21:44:38.427 ,QBXRCFJLYCDZ,91282CJN2,BUY,3000000,99-000,DONE,
2023-12-24 21:44:38.427 ,QBXRCFJLYCDZ,91282CJN2,SELL,4000000,100-000,DONE,
2023-12-24 21:44:38.427 ,QBXRCFJLYCDZ,91282CJN2,BUY,5000000,99-000,DONE,
2023-12-24 21:44:38.427 ,QBXRCFJLYCDZ,91282CJM4,SELL,1000000,100-000,DONE,
2023-12-24 21:44:38.428 ,QBXRCFJLYCDZ,91282CJM4,BUY,2000000,99-000,DONE,
2023-12-24 21:44:38.428 ,QBXRCFJLYCDZ,91282CJM4,SELL,3000000,100-000,DONE,
2023-12-24 21:44:38.428 ,QBXRCFJLYCDZ,91282CJM4,BUY,4000000,99-000,DONE,
2023-12-24 21:44:38.428 ,QBXRCFJLYCDZ,91282CJM4,SELL,5000000,100-000,DONE,
2023-12-24 21:44:38.428 ,QBXRCFJLYCDZ,91282CJM4,BUY,1000000,99-000,DONE,
2023-12-24 21:44:38.428 ,QBXRCFJLYCDZ,91282CJM4,SELL,2000000,100-000,DONE,
2023-12-24 21:44:38.428 ,QBXRCFJLYCDZ,91282CJM4,BUY,3000000,99-000,DONE,
2023-12-24 21:44:38.428 ,QBXRCFJLYCDZ,91282CJM4,SELL,4000000,100-000,DONE,
2023-12-24 21:44:38.428 ,QBXRCFJLYCDZ,91282CJM4,BUY,5000000,99-000,DONE,
2023-12-24 21:44:38.428 ,QBXRCFJLYCDZ,91282CJJ1,SELL,1000000,100-000,DONE,
2023-12-24 21:44:38.428 ,QBXRCFJLYCDZ,91282CJJ1,BUY,2000000,99-000,DONE,
2023-12-24 21:44:38.428 ,QBXRCFJLYCDZ,91282CJJ1,SELL,3000000,100-000,DONE,
2023-12-24 21:44:38.428 ,QBXRCFJLYCDZ,91282CJJ1,BUY,4000000,99-000,DONE,
2023-12-24 21:44:38.428 ,QBXRCFJLYCDZ,91282CJJ1,SELL,5000000,100-000,DONE,
2023-12-24 21:44:38.428 ,QBXRCFJLYCDZ,91282CJJ1,BUY,1000000,99-000,DONE,
2023-12-24 21:44:38.428 ,QBXRCFJLYCDZ,91282CJJ1,SELL,2000000,100-000,DONE,
2023-12-24 21:44:38.428 ,QBXRCFJLYCDZ,91282CJJ1,BUY,3000000,99-000,DONE,
2023-12-24 21:44:38.428 ,QBXRCFJLYCDZ,91282CJJ1,SELL,4000000,100-000,DONE,
2023-12-24 21:44:38.428 ,QBXRCFJLYCDZ,91282CJJ1,BUY,5000000,99-000,DONE,
2023-12-24 21:44:38.428 ,QBXRCFJLYCDZ,912810TW8,SELL,1000000,100-000,DONE,
2023-12-24 21:44:38.428 ,QBXRCFJLYCDZ,912810TW8,BUY,2000000,99-000,DONE,
2023-12-24 21:44:38.429 ,QBXRCFJLYCDZ,912810TW8,SELL,3000000,100-000,DONE,
2023-12-24 21:44:38.429 ,QBXRCFJLYCDZ,912810TW8,BUY,4000000,99-000,DONE,
2023-12-24 21:44:38.429 ,QBXRCFJLYCDZ,912810TW8,SELL,5000000,100-000,DONE,
2023-12-24 21:44:38.429 ,QBXRCFJLYCDZ,912810TW8,BUY,1000000,99-000,DONE,
2023-12-24 21:44:38.429 ,QBXRCFJLYCDZ,912810TW8,SELL,2000000,100-000,DONE,
2023-12-24 21:44:38.429 ,QBXRCFJLYCDZ,912810TW8,BUY,3000000,99-000,DONE,
2023-12-24 21:44:38.429 ,QBXRCFJLYCDZ,912810TW8,SELL,4000000,100-000,DONE,
2023-12-24 21:44:38.429 ,QBXRCFJLYCDZ,912810TW8,BUY,5000000,99-000,DONE,
2023-12-24 21:44:38.429 ,QBXRCFJLYCDZ,912810TV0,SELL,1000000,100-000,DONE,
2023-12-24 21:44:38.429 ,QBXRCFJLYCDZ,912810TV0,BUY,2000000,99-000,DONE,
2023-12-24 21:44:38.429 ,QBXRCFJLYCDZ,912810TV0,SELL,3000000,100-000,DONE,
2023-12-24 21:44:38.429 ,QBXRCFJLYCDZ,912810TV0,BUY,4000000,99-000,DONE,
2023-12-24 21:44:38.429 ,QBXRCFJLYCDZ,912810TV0,SELL,5000000,100-000,DONE,
2023-12-24 21:44:38.429 ,QBXRCFJLYCDZ,912810TV0,BUY,1000000,99-000,DONE,
2023-12-24 21:44:38.429 ,QBXRCFJLYCDZ,912810TV0,SELL,2000000,100-000,DONE,
2023-12-24 21:44:38.429 ,QBXRCFJLYCDZ,912810TV0,BUY,3000000,99-000,DONE,
2023-12-24 21:44:38.429 ,QBXRCFJLYCDZ,912810TV0,SELL,4000000,100-000,DONE,
2023-12-24 21:44:38.429 ,QBXRCFJLYCDZ,912810TV0,BUY,5000000,99-000,DONE,
2023-12-24 21:45:05.106 ,9X8W92HMIDCV,91282CJL6,SELL,1000000,100-000,DONE,
2023-12-24 21:45:05.106 ,9X8W92HMIDCV,91282CJL6,BUY,2000000,99-000,DONE,
2023-12-24 21:45:05.106 ,9X8W92HMIDCV,91282CJL6,SELL,3000000,100-000,DONE,
2023-12-24 21:45:05.106 ,9X8W92HMIDCV,91282CJL6,BUY,4000000,99-000,DONE,
2023-12-24 21:45:05.106 ,9X8W92HMIDCV,91282CJL6,SELL,5000000,100-000,DONE,
2023-12-24 21:45:05.106 ,9X8W92HMIDCV,91282CJL6,BUY,1000000,99-000,DONE,
2023-12-24 21:45:05.106 ,1XVI1N852AU6,91282CJL6,SELL,2000000,100-000,DONE,
2023-12-24 21:45:05.106 ,1XVI1N852AU6,91282CJL6,BUY,3000000,99-000,DONE,
2023-12-24 21:45:05.106 ,1XVI1N852AU6,91282CJL6,SELL,4000000,100-000,DONE,
2023-12-24 21:45:05.106 ,1XVI1N852AU6,91282CJL6,BUY,5000000,99-000,DONE,
2023-12-24 21:45:05.106 ,1XVI1N852AU6,91282CJP7,SELL,1000000,100-000,DONE,
2023-12-24 21:45:05.106 ,1XVI1N852AU6,91282CJP7,BUY,2000000,99-000,DONE,
2023-12-24 21:45:05.106 ,1XVI1N852AU6,91282CJP7,SELL,3000000,100-000,DONE,
2023-12-24 21:45:05.106 ,1XVI1N852AU6,91282CJP7,BUY,4000000,99-000,DONE,
2023-12-24 21:45:05.106 ,1XVI1N852AU6,91282CJP7,SELL,5000000,100-000,DONE,
2023-12-24 21:45:05.106 ,1XVI1N852AU6,91282CJP7,BUY,1000000,99-000,DONE,
2023-12-24 21:45:05.106 ,1XVI1N852AU6,91282CJP7,SELL,2000000,100-000,DONE,
2023-12-24 21:45:05.106 ,1XVI1N852AU6,91282CJP7,BUY,3000000,99-000,DONE,
2023-12-24 21:45:05.107 ,1XVI1N852AU6,91282CJP7,SELL,4000000,100-000,DONE,
2023-12-24 21:45:05.107 ,1XVI1N852AU6,91282CJP7,BUY,5000000,99-000,DONE,
2023-12-24 21:45:05.107 ,1XVI1N852AU6,91282CJN2,SELL,1000000,100-000,DONE,
2023-12-24 21:45:05.107 ,1XVI1N852AU6,91282CJN2,BUY,2000000,99-000,DONE,
2023-12-24 21:45:05.107 ,1XVI1N852AU6,91282CJN2,SELL,3000000,100-000,DONE,
2023-12-24 21:45:05.107 ,1XVI1N852AU6,91282CJN2,BUY,4000000,99-000,DONE,
2023-12-24 21:45:05.107 ,1XVI1N852AU6,91282CJN2,SELL,5000000,100-000,DONE,
2023-12-24 21:45:05.107 ,1XVI1N852AU6,91282CJN2,BUY,1000000,99-000,DONE,
2023-12-24 21:45:05.107 ,1XVI1N852AU6,91282CJN2,SELL,2000000,100-000,DONE,
2023-12-24 21:45:05.107 ,1XVI1N852AU6,91282CJN2,BUY,3000000,99-000,DONE,
2023-12-24 21:45:05.107 ,1XVI1N852AU6,91282CJN2,SELL,4000000,100-000,DONE,
2023-12-24 21:45:05.107 ,1XVI1N852AU6,91282CJN2,BUY,5000000,99-000,DONE,
2023-12-24 21:45:05.107 ,1XVI1N852AU6,91282CJM4,SELL,1000000,100-000,DONE,
2023-12-24 21:45:05.107 ,1XVI1N852AU6,91282CJM4,BUY,2000000,99-000,DONE,
2023-12-24 21:45:05.107 ,1XVI1N852AU6,91282CJM4,SELL,3000000,100-000,DONE,
2023-12-24 21:45:05.107 ,1XVI1N852AU6,91282CJM4,BUY,4000000,99-000,DONE,
2023-12-24 21:45:05.107 ,1XVI1N852AU6,91282CJM4,SELL,5000000,100-000,DONE,
2023-12-24 21:45:05.107 ,1XVI1N852AU6,91282CJM4,BUY,1000000,99-000,DONE,
2023-12-24 21:45:05.107 ,1XVI1N852AU6,91282CJM4,SELL,2000000,100-000,DONE,
2023-12-24 21:45:05.107 ,1XVI1N852AU6,91282CJM4,BUY,3000000,99-000,DONE,
2023-12-24 21:45:05.107 ,1XVI1N852AU6,91282CJM4,SELL,4000000,100-000,DONE,
2023-12-24 21:45:05.107 ,1XVI1N852AU6,91282CJM4,BUY,5000000,99-000,DONE,
2023-12-24 21:45:05.107 ,1XVI1N852AU6,91282CJJ1,SELL,1000000,100-000,DONE,
2023-12-24 21:45:05.107 ,1XVI1N852AU6,91282CJJ1,BUY,2000000,99-000,DONE,
2023-12-24 21:45:05.107 ,1XVI1N852AU6,91282CJJ1,SELL,3000000,100-000,DONE,
2023-12-24 21:45:05.107 ,1XVI1N852AU6,91282CJJ1,BUY,4000000,99-000,DONE,
2023-12-24 21:45:05.107 ,1XVI1N852AU6,91282CJJ1,SELL,5000000,100-000,DONE,
2023-12-24 21:45:05.107 ,1XVI1N852AU6,91282CJJ1,BUY,1000000,99-000,DONE,
2023-12-24 21:45:05.107 ,1XVI1N852AU6,91282CJJ1,SELL,2000000,100-000,DONE,
2023-12-24 21:45:05.108 ,1XVI1N852AU6,91282CJJ1,BUY,3000000,99-000,DONE,
2023-12-24 21:45:05.108 ,1XVI1N852AU6,91282CJJ1,SELL,4000000,100-000,DONE,
2023-12-24 21:45:05.108 ,1XVI1N852AU6,91282CJJ1,BUY,5000000,99-000,DONE,
2023-12-24 21:45:05.108 ,1XVI1N852AU6,912810TW8,SELL,1000000,100-000,DONE,
2023-12-24 21:45:05.108 ,1XVI1N852AU6,912810TW8,BUY,2000000,99-000,DONE,
2023-12-24 21:45:05.108 ,1XVI1N852AU6,912810TW8,SELL,3000000,100-000,DONE,
2023-12-24 21:45:05.108 ,1XVI1N852AU6,912810TW8,BUY,4000000,99-000,DONE,
2023-12-24 21:45:05.108 ,1XVI1N852AU6,912810TW8,SELL,5000000,100-000,DONE,
2023-12-24 21:45:05.108 ,1XVI1N852AU6,912810TW8,BUY,1000000,99-000,DONE,
2023-12-24 21:45:05.108 ,1XVI1N852AU6,912810TW8,SELL,2000000,100-000,DONE,
2023-12-24 21:45:05.108 ,1XVI1N852AU6,912810TW8,BUY,3000000,99-000,DONE,
2023-12-24 21:45:05.108 ,1XVI1N852AU6,912810TW8,SELL,4000000,100-000,DONE,
2023-12-24 21:45:05.108 ,1XVI1N852AU6,912810TW8,BUY,5000000,99-000,DONE,
2023-12-24 21:45:05.108 ,1XVI1N852AU6,912810TV0,SELL,1000000,100-000,DONE,
2023-12-24 21:45:05.108 ,1XVI1N852AU6,912810TV0,BUY,2000000,99-000,DONE,
2023-12-24 21:45:05.108 ,1XVI1N852AU6,912810TV0,SELL,3000000,100-000,DONE,
2023-12-24 21:45:05.108 ,1XVI1N852AU6,912810TV0,BUY,4000000,99-000,DONE,
2023-12-24 21:45:05.108 ,1XVI1N852AU6,912810TV0,SELL,5000000,100-000,DONE,
2023-12-24 21:45:05.108 ,1XVI1N852AU6,912810TV0,BUY,1000000,99-000,DONE,
2023-12-24 21:45:05.108 ,1XVI1N852AU6,912810TV0,SELL,2000000,100-000,DONE,
2023-12-24 21:45:05.108 ,1XVI1N852AU6,912810TV0,BUY,3000000,99-000,DONE,
2023-12-24 21:45:05.108 ,1XVI1N852AU6,912810TV0,SELL,4000000,100-000,DONE,
2023-12-24 21:45:05.108 ,1XVI1N852AU6,912810TV0,BUY,5000000,99-000,DONE,
2023-12-24 21:56:54.345 ,UW3UEV9EELMA,91282CJL6,SELL,1000000,100-000,DONE,
2023-12-24 21:56:54.345 ,UW3UEV9EELMA,91282CJL6,BUY,2000000,99-000,DONE,
2023-12-24 21:56:54.345 ,UW3UEV9EELMA,91282CJL6,SELL,3000000,100-000,DONE,
2023-12-24 21:56:54.345 ,UW3UEV9EELMA,91282CJL6,BUY,4000000,99-000,DONE,
2023-12-24 21:56:54.345 ,UW3UEV9EELMA,91282CJL6,SELL,5000000,100-000,DONE,
2023-12-24 21:56:54.345 ,UW3UEV9EELMA,91282CJL6,BUY,1000000,99-000,DONE,
2023-12-24 21:56:54.345 ,UW3UEV9EELMA,91282CJL6,SELL,2000000,100-000,DONE,
2023-12-24 21:56:54.345 ,UW3UEV9EELMA,91282CJL6,BUY,3000000,99-000,DONE,
2023-12-24 21:56:54.345 ,UW3UEV9EELMA,91282CJL6,SELL,4000000,100-000,DONE,
2023-12-24 21:56:54.345 ,UW3UEV9EELMA,91282CJL6,BUY,5000000,99-000,DONE,
2023-12-24 21:56:54.345 ,UW3UEV9EELMA,91282CJP7,SELL,1000000,100-000,DONE,
2023-12-24 21:56:54.345 ,UW3UEV9EELMA,91282CJP7,BUY,2000000,99-000,DONE,
2023-12-24 21:56:54.346 ,UW3UEV9EELMA,91282CJP7,SELL,3000000,100-000,DONE,
2023-12-24 21:56:54.346 ,UW3UEV9EELMA,91282CJP7,BUY,4000000,99-000,DONE,
2023-12-24 21:56:54.346 ,UW3UEV9EELMA,91282CJP7,SELL,5000000,100-000,DONE,
2023-12-24 21:56:54.346 ,UW3UEV9EELMA,91282CJP7,BUY,1000000,99-000,DONE,
2023-12-24 21:56:54.346 ,UW3UEV9EELMA,91282CJP7,SELL,2000000,100-000,DONE,
2023-12-24 21:56:54.346 ,UW3UEV9EELMA,91282CJP7,BUY,3000000,99-000,DONE,
2023-12-24 21:56:54.346 ,UW3UEV9EELMA,91282CJP7,SELL,4000000,100-000,DONE,
2023-12-24 21:56:54.346 ,UW3UEV9EELMA,91282CJP7,BUY,5000000,99-000,DONE,
2023-12-24 21:56:54.346 ,UW3UEV9EELMA,91282CJN2,SELL,1000000,100-000,DONE,
2023-12-24 21:56:54.346 ,UW3UEV9EELMA,91282CJN2,BUY,2000000,99-000,DONE,
2023-12-24 21:56:54.346 ,UW3UEV9EELMA,91282CJN2,SELL,3000000,100-000,DONE,
2023-12-24 21:56:54.346 ,UW3UEV9EELMA,91282CJN2,BUY,4000000,99-000,DONE,
2023-12-24 21:56:54.346 ,UW3UEV9EELMA,91282CJN2,SELL,5000000,100-000,DONE,
2023-12-24 21:56:54.346 ,UW3UEV9EELMA,91282CJN2,BUY,1000000,99-000,DONE,
2023-12-24 21:56:54.346 ,UW3UEV9EELMA,91282CJN2,SELL,2000000,100-000,DONE,
2023-12-24 21:56:54.346 ,UW3UEV9EELMA,91282CJN2,BUY,3000000,99-000,DONE,
2023-12-24 21:56:54.346 ,UW3UEV9EELMA,91282CJN2,SELL,4000000,100-000,DONE,
2023-12-24 21:56:54.346 ,UW3UEV9EELMA,91282CJN2,BUY,5000000,99-000,DONE,
2023-12-24 21:56:54.346 ,UW3UEV9EELMA,91282CJM4,SELL,1000000,100-000,DONE,
2023-12-24 21:56:54.346 ,UW3UEV9EELMA,91282CJM4,BUY,2000000,99-000,DONE,
2023-12-24 21:56:54.346 ,UW3UEV9EELMA,91282CJM4,SELL,3000000,100-000,DONE,
2023-12-24 21:56:54.346 ,UW3UEV9EELMA,91282CJM4,BUY,4000000,99-000,DONE,
2023-12-24 21:56:54.346 ,UW3UEV9EELMA,91282CJM4,SELL,5000000,100-000,DONE,
2023-12-24 21:56:54.346 ,UW3UEV9EELMA,91282CJM4,BUY,1000000,99-000,DONE,
2023-12-24 21:56:54.346 ,UW3UEV9EELMA,91282CJM4,SELL,2000000,100-000,DONE,
2023-12-24 21:56:54.346 ,UW3UEV9EELMA,91282CJM4,BUY,3000000,99-000,DONE,
2023-12-24 21:56:54.346 ,UW3UEV9EELMA,91282CJM4,SELL,4000000,100-000,DONE,
2023-12-24 21:56:54.346 ,UW3UEV9EELMA,91282CJM4,BUY,5000000,99-000,DONE,
2023-12-24 21:56:54.346 ,UW3UEV9EELMA,91282CJJ1,SELL,1000000,100-000,DONE,
2023-12-24 21:56:54.346 ,UW3UEV9EELMA,91282CJJ1,BUY,2000000,99-000,DONE,
2023-12-24 21:56:54.346 ,UW3UEV9EELMA,91282CJJ1,SELL,3000000,100-000,DONE,
2023-12-24 21:56:54.346 ,UW3UEV9EELMA,91282CJJ1,BUY,4000000,99-000,DONE,
2023-12-24 21:56:54.346 ,UW3UEV9EELMA,91282CJJ1,SELL,5000000,100-000,DONE,
2023-12-24 21:56:54.347 ,UW3UEV9EELMA,91282CJJ1,BUY,1000000,99-000,DONE,
2023-12-24 21:56:54.347 ,UW3UEV9EELMA,91282CJJ1,SELL,2000000,100-000,DONE,
2023-12-24 21:56:54.347 ,UW3UEV9EELMA,91282CJJ1,BUY,3000000,99-000,DONE,
2023-12-24 21:56:54.347 ,UW3UEV9EELMA,91282CJJ1,SELL,4000000,100-000,DONE,
2023-12-24 21:56:54.347 ,UW3UEV9EELMA,91282CJJ1,BUY,5000000,99-000,DONE,
2023-12-24 21:56:54.347 ,UW3UEV9EELMA,912810TW8,SELL,1000000,100-000,DONE,
2023-12-24 21:56:54.347 ,UW3UEV9EELMA,912810TW8,BUY,2000000,99-000,DONE,
2023-12-24 21:56:54.347 ,UW3UEV9EELMA,912810TW8,SELL,3000000,100-000,DONE,
2023-12-24 21:56:54.347 ,UW3UEV9EELMA,912810TW8,BUY,4000000,99-000,DONE,
2023-12-24 21:56:54.347 ,UW3UEV9EELMA,912810TW8,SELL,5000000,100-000,DONE,
2023-12-24 21:56:54.347 ,UW3UEV9EELMA,912810TW8,BUY,1000000,99-000,DONE,
2023-12-24 21:56:54.347 ,UW3UEV9EELMA,912810TW8,SELL,2000000,100-000,DONE,
2023-12-24 21:56:54.347 ,UW3UEV9EELMA,912810TW8,BUY,3000000,99-000,DONE,
2023-12-24 21:56:54.347 ,UW3UEV9EELMA,912810TW8,SELL,4000000,100-000,DONE,
2023-12-24 21:56:54.347 ,UW3UEV9EELMA,912810TW8,BUY,5000000,99-000,DONE,
2023-12-24 21:56:54.347 ,UW3UEV9EELMA,912810TV0,SELL,1000000,100-000,DONE,
2023-12-24 21:56:54.347 ,UW3UEV9EELMA,912810TV0,BUY,2000000,99-000,DONE,
2023-12-24 21:56:54.347 ,UW3UEV9EELMA,912810TV0,SELL,3000000,100-000,DONE,
2023-12-24 21:56:54.347 ,UW3UEV9EELMA,912810TV0,BUY,4000000,99-000,DONE,
2023-12-24 21:56:54.347 ,UW3UEV9EELMA,912810TV0,SELL,5000000,100-000,DONE,
2023-12-24 21:56:54.347 ,UW3UEV9EELMA,912810TV0,BUY,1000000,99-000,DONE,
2023-12-24 21:56:54.347 ,UW3UEV9EELMA,912810TV0,SELL,2000000,100-000,DONE,
2023-12-24 21:56:54.347 ,UW3UEV9EELMA,912810TV0,BUY,3000000,99-000,DONE,
2023-12-24 21:56:54.347 ,UW3UEV9EELMA,912810TV0,SELL,4000000,100-000,DONE,
2023-12-24 21:56:54.347 ,UW3UEV9EELMA,912810TV0,BUY,5000000,99-000,DONE,
2023-12-24 22:23:43.421 ,RY18OWCPSZYN,91282CJL6,SELL,1000000,100-000,DONE,
2023-12-24 22:23:43.421 ,RY18OWCPSZYN,91282CJL6,BUY,2000000,99-000,DONE,
2023-12-24 22:23:43.421 ,RY18OWCPSZYN,91282CJL6,SELL,3000000,100-000,DONE,
2023-12-24 22:23:43.421 ,RY18OWCPSZYN,91282CJL6,BUY,4000000,99-000,DONE,
2023-12-24 22:23:43.421 ,RY18OWCPSZYN,91282CJL6,SELL,5000000,100-000,DONE,
2023-12-24 22:23:43.421 ,RY18OWCPSZYN,91282CJL6,BUY,1000000,99-000,DONE,
2023-12-24 22:23:43.421 ,RY18OWCPSZYN,91282CJL6,SELL,2000000,100-000,DONE,
2023-12-24 22:23:43.421 ,RY18OWCPSZYN,91282CJL6,BUY,3000000,99-000,DONE,
2023-12-24 22:23:43.421 ,RY18OWCPSZYN,91282CJL6,SELL,4000000,100-000,DONE,
2023-12-24 22:23:43.421 ,RY18OWCPSZYN,91282CJL6,BUY,5000000,99-000,DONE,
2023-12-24 22:23:43.421 ,RY18OWCPSZYN,91282CJP7,SELL,1000000,100-000,DONE,
2023-12-24 22:23:43.421 ,RY18OWCPSZYN,91282CJP7,BUY,2000000,99-000,DONE,
2023-12-24 22:23:43.421 ,RY18OWCPSZYN,91282CJP7,SELL,3000000,100-000,DONE,
2023-12-24 22:23:43.421 ,RY18OWCPSZYN,91282CJP7,BUY,4000000,99-000,DONE,
2023-12-24 22:23:43.422 ,RY18OWCPSZYN,91282CJP7,SELL,5000000,100-000,DONE,
2023-12-24 22:23:43.422 ,RY18OWCPSZYN,91282CJP7,BUY,1000000,99-000,DONE,
2023-12-24 22:23:43.422 ,RY18OWCPSZYN,91282CJP7,SELL,2000000,100-000,DONE,
2023-12-24 22:23:43.422 ,RY18OWCPSZYN,91282CJP7,BUY,3000000,99-000,DONE,
2023-12-24 22:23:43.422 ,RY18OWCPSZYN,91282CJP7,SELL,4000000,100-000,DONE,
2023-12-24 22:23:43.422 ,RY18OWCPSZYN,91282CJP7,BUY,5000000,99-000,DONE,
2023-12-24 22:23:43.422 ,RY18OWCPSZYN,91282CJN2,SELL,1000000,100-000,DONE,
2023-12-24 22:23:43.422 ,RY18OWCPSZYN,91282CJN2,BUY,2000000,99-000,DONE,
2023-12-24 22:23:43.422 ,RY18OWCPSZYN,91282CJN2,SELL,3000000,100-000,DONE,
2023-12-24 22:23:43.422 ,RY18OWCPSZYN,91282CJN2,BUY,4000000,99-000,DONE,
2023-12-24 22:23:43.422 ,RY18OWCPSZYN,91282CJN2,SELL,5000000,100-000,DONE,
2023-12-24 22:23:43.422 ,RY18OWCPSZYN,91282CJN2,BUY,1000000,99-000,DONE,
2023-12-24 22:23:43.422 ,RY18OWCPSZYN,91282CJN2,SELL,2000000,100-000,DONE,
2023-12-24 22:23:43.422 ,RY18OWCPSZYN,91282CJN2,BUY,3000000,99-000,DONE,
2023-12-24 22:23:43.422 ,RY18OWCPSZYN,91282CJN2,SELL,4000000,100-000,DONE,
2023-12-24 22:23:43.422 ,RY18OWCPSZYN,91282CJN2,BUY,5000000,99-000,DONE,
2023-12-24 22:23:43.422 ,RY18OWCPSZYN,91282CJM4,SELL,1000000,100-000,DONE,
2023-12-24 22:23:43.422 ,RY18OWCPSZYN,91282CJM4,BUY,2000000,99-000,DONE,
2023-12-24 22:23:43.422 ,RY18OWCPSZYN,91282CJM4,SELL,3000000,100-000,DONE,
2023-12-24 22:23:43.422 ,RY18OWCPSZYN,91282CJM4,BUY,4000000,99-000,DONE,
2023-12-24 22:23:43.422 ,RY18OWCPSZYN,91282CJM4,SELL,5000000,100-000,DONE,
2023-12-24 22:23:43.422 ,RY18OWCPSZYN,91282CJM4,BUY,1000000,99-000,DONE,
2023-12-24 22:23:43.422 ,RY18OWCPSZYN,91282CJM4,SELL,2000000,100-000,DONE,
2023-12-24 22:23:43.422 ,RY18OWCPSZYN,91282CJM4,BUY,3000000,99-000,DONE,
2023-12-24 22:23:43.422 ,RY18OWCPSZYN,91282CJM4,SELL,4000000,100-000,DONE,
2023-12-24 22:23:43.422 ,RY18OWCPSZYN,91282CJM4,BUY,5000000,99-000,DONE,
2023-12-24 22:23:43.422 ,RY18OWCPSZYN,91282CJJ1,SELL,1000000,100-000,DONE,
2023-12-24 22:23:43.422 ,RY18OWCPSZYN,91282CJJ1,BUY,2000000,99-000,DONE,
2023-12-24 22:23:43.422 ,RY18OWCPSZYN,91282CJJ1,SELL,3000000,100-000,DONE,
2023-12-24 22:23:43.422 ,RY18OWCPSZYN,91282CJJ1,BUY,4000000,99-000,DONE,
2023-12-24 22:23:43.422 ,RY18OWCPSZYN,91282CJJ1,SELL,5000000,100-000,DONE,
2023-12-24 22:23:43.422 ,RY18OWCPSZYN,91282CJJ1,BUY,1000000,99-000,DONE,
2023-12-24 22:23:43.422 ,RY18OWCPSZYN,91282CJJ1,SELL,2000000,100-000,DONE,
2023-12-24 22:23:43.422 ,RY18OWCPSZYN,91282CJJ1,BUY,3000000,99-000,DONE,
2023-12-24 22:23:43.423 ,RY18OWCPSZYN,91282CJJ1,SELL,4000000,100-000,DONE,
2023-12-24 22:23:43.423 ,RY18OWCPSZYN,91282CJJ1,BUY,5000000,99-000,DONE,
2023-12-24 22:23:43.423 ,RY18OWCPSZYN,912810TW8,SELL,1000000,100-000,DONE,
2023-12-24 22:23:43.423 ,RY18OWCPSZYN,912810TW8,BUY,2000000,99-000,DONE,
2023-12-24 22:23:43.423 ,RY18OWCPSZYN,912810TW8,SELL,3000000,100-000,DONE,
2023-12-24 22:23:43.423 ,RY18OWCPSZYN,912810TW8,BUY,4000000,99-000,DONE,
2023-12-24 22:23:43.423 ,RY18OWCPSZYN,912810TW8,SELL,5000000,100-000,DONE,
2023-12-24 22:23:43.423 ,RY18OWCPSZYN,912810TW8,BUY,1000000,99-000,DONE,
2023-12-24 22:23:43.423 ,RY18OWCPSZYN,912810TW8,SELL,2000000,100-000,DONE,
2023-12-24 22:23:43.423 ,RY18OWCPSZYN,912810TW8,BUY,3000000,99-000,DONE,
2023-12-24 22:23:43.423 ,RY18OWCPSZYN,912810TW8,SELL,4000000,100-000,DONE,
2023-12-24 22:23:43.423 ,RY18OWCPSZYN,912810TW8,BUY,5000000,99-000,DONE,
2023-12-24 22:23:43.423 ,RY18OWCPSZYN,912810TV0,SELL,1000000,100-000,DONE,
2023-12-24 22:23:43.423 ,RY18OWCPSZYN,912810TV0,BUY,2000000,99-000,DONE,
2023-12-24 22:23:43.423 ,RY18OWCPSZYN,912810TV0,SELL,3000000,100-000,DONE,
2023-12-24 22:23:43.423 ,RY18OWCPSZYN,912810TV0,BUY,4000000,99-000,DONE,
2023-12-24 22:23:43.423 ,RY18OWCPSZYN,912810TV0,SELL,5000000,100-000,DONE,
2023-12-24 22:23:43.423 ,RY18OWCPSZYN,912810TV0,BUY,1000000,99-000,DONE,
2023-12-24 22:23:43.423 ,RY18OWCPSZYN,912810TV0,SELL,2000000,100-000,DONE,
2023-12-24 22:23:43.423 ,RY18OWCPSZYN,912810TV0,BUY,3000000,99-000,DONE,
2023-12-24 22:23:43.423 ,3D2CXKWOOYS8,912810TV0,SELL,4000000,100-000,DONE,
2023-12-24 22:23:43.423 ,3D2CXKWOOYS8,912810TV0,BUY,5000000,99-000,DONE,
2023-12-24 22:28:17.393 ,OGWDFVHGINCK,91282CJL6,SELL,1000000,100-000,DONE,
2023-12-24 22:28:17.393 ,OGWDFVHGINCK,91282CJL6,BUY,2000000,99-000,DONE,
2023-12-24 22:28:17.393 ,OGWDFVHGINCK,91282CJL6,SELL,3000000,100-000,DONE,
2023-12-24 22:28:17.393 ,OGWDFVHGINCK,91282CJL6,BUY,4000000,99-000,DONE,
2023-12-24 22:28:17.393 ,OGWDFVHGINCK,91282CJL6,SELL,5000000,100-000,DONE,
2023-12-24 22:28:17.393 ,OGWDFVHGINCK,91282CJL6,BUY,1000000,99-000,DONE,
2023-12-24 22:28:17.393 ,OGWDFVHGINCK,91282CJL6,SELL,2000000,100-000,DONE,
2023-12-24 22:28:17.393 ,OGWDFVHGINCK,91282CJL6,BUY,3000000,99-000,DONE,
2023-12-24 22:28:17.393 ,OGWDFVHGINCK,91282CJL6,SELL,4000000,100-000,DONE,
2023-12-24 22:28:17.393 ,OGWDFVHGINCK,91282CJL6,BUY,5000000,99-000,DONE,
2023-12-24 22:28:17.393 ,OGWDFVHGINCK,91282CJP7,SELL,1000000,100-000,DONE,
2023-12-24 22:28:17.393 ,OGWDFVHGINCK,91282CJP7,BUY,2000000,99-000,DONE,
2023-12-24 22:28:17.394 ,OGWDFVHGINCK,91282CJP7,SELL,3000000,100-000,DONE,
2023-12-24 22:28:17.394 ,OGWDFVHGINCK,91282CJP7,BUY,4000000,99-000,DONE,
2023-12-24 22:28:17.394 ,OGWDFVHGINCK,91282CJP7,SELL,5000000,100-000,DONE,
2023-12-24 22:28:17.394 ,OGWDFVHGINCK,91282CJP7,BUY,1000000,99-000,DONE,
2023-12-24 22:28:17.394 ,OGWDFVHGINCK,91282CJP7,SELL,2000000,100-000,DONE,
2023-12-24 22:28:17.394 ,OGWDFVHGINCK,91282CJP7,BUY,3000000,99-000,DONE,
2023-12-24 22:28:17.394 ,OGWDFVHGINCK,91282CJP7,SELL,4000000,100-000,DONE,
2023-12-24 22:28:17.394 ,OGWDFVHGINCK,91282CJP7,BUY,5000000,99-000,DONE,
2023-12-24 22:28:17.394 ,OGWDFVHGINCK,91282CJN2,SELL,1000000,100-000,DONE,
2023-12-24 22:28:17.394 ,OGWDFVHGINCK,91282CJN2,BUY,2000000,99-000,DONE,
2023-12-24 22:28:17.394 ,OGWDFVHGINCK,91282CJN2,SELL,3000000,100-000,DONE,
2023-12-24 22:28:17.394 ,OGWDFVHGINCK,91282CJN2,BUY,4000000,99-000,DONE,
2023-12-24 22:28:17.394 ,OGWDFVHGINCK,91282CJN2,SELL,5000000,100-000,DONE,
2023-12-24 22:28:17.394 ,OGWDFVHGINCK,91282CJN2,BUY,1000000,99-000,DONE,
2023-12-24 22:28:17.394 ,OGWDFVHGINCK,91282CJN2,SELL,2000000,100-000,DONE,
2023-12-24 22:28:17.394 ,OGWDFVHGINCK,91282CJN2,BUY,3000000,99-000,DONE,
2023-12-24 22:28:17.394 ,OGWDFVHGINCK,91282CJN2,SELL,4000000,100-000,DONE,
2023-12-24 22:28:17.394 ,OGWDFVHGINCK,91282CJN2,BUY,5000000,99-000,DONE,
2023-12-24 22:28:17.394 ,OGWDFVHGINCK,91282CJM4,SELL,1000000,100-000,DONE,
2023-12-24 22:28:17.394 ,OGWDFVHGINCK,91282CJM4,BUY,2000000,99-000,DONE,
2023-12-24 22:28:17.394 ,OGWDFVHGINCK,91282CJM4,SELL,3000000,100-000,DONE,
2023-12-24 22:28:17.394 ,OGWDFVHGINCK,91282CJM4,BUY,4000000,99-000,DONE,
2023-12-24 22:28:17.394 ,OGWDFVHGINCK,91282CJM4,SELL,5000000,100-000,DONE,
2023-12-24 22:28:17.394 ,OGWDFVHGINCK,91282CJM4,BUY,1000000,99-000,DONE,
2023-12-24 22:28:17.394 ,OGWDFVHGINCK,91282CJM4,SELL,2000000,100-000,DONE,
2023-12-24 22:28:17.394 ,OGWDFVHGINCK,91282CJM4,BUY,3000000,99-000,DONE,
2023-12-24 22:28:17.394 ,OGWDFVHGINCK,91282CJM4,SELL,4000000,100-000,DONE,
2023-12-24 22:28:17.394 ,OGWDFVHGINCK,91282CJM4,BUY,5000000,99-000,DONE,
2023-12-24 22:28:17.394 ,OGWDFVHGINCK,91282CJJ1,SELL,1000000,100-000,DONE,
2023-12-24 22:28:17.394 ,OGWDFVHGINCK,91282CJJ1,BUY,2000000,99-000,DONE,
2023-12-24 22:28:17.395 ,OGWDFVHGINCK,91282CJJ1,SELL,3000000,100-000,DONE,
2023-12-24 22:28:17.395 ,OGWDFVHGINCK,91282CJJ1,BUY,4000000,99-000,DONE,
2023-12-24 22:28:17.395 ,OGWDFVHGINCK,91282CJJ1,SELL,5000000,100-000,DONE,
2023-12-24 22:28:17.395 ,OGWDFVHGINCK,91282CJJ1,BUY,1000000,99-000,DONE,
2023-12-24 22:28:17.395 ,OGWDFVHGINCK,91282CJJ1,SELL,2000000,100-000,DONE,
2023-12-24 22:28:17.395 ,OGWDFVHGINCK,91282CJJ1,BUY,3000000,99-000,DONE,
2023-12-24 22:28:17.395 ,OGWDFVHGINCK,91282CJJ1,SELL,4000000,100-000,DONE,
2023-12-24 22:28:17.395 ,OGWDFVHGINCK,91282CJJ1,BUY,5000000,99-000,DONE,
2023-12-24 22:28:17.395 ,OGWDFVHGINCK,912810TW8,SELL,1000000,100-000,DONE,
2023-12-24 22:28:17.395 ,OGWDFVHGINCK,912810TW8,BUY,2000000,99-000,DONE,
2023-12-24 22:28:17.395 ,OGWDFVHGINCK,912810TW8,SELL,3000000,100-000,DONE,
2023-12-24 22:28:17.395 ,OGWDFVHGINCK,912810TW8,BUY,4000000,99-000,DONE,
2023-12-24 22:28:17.395 ,OGWDFVHGINCK,912810TW8,SELL,5000000,100-000,DONE,
2023-12-24 22:28:17.395 ,OGWDFVHGINCK,912810TW8,BUY,1000000,99-000,DONE,
2023-12-24 22:28:17.395 ,OGWDFVHGINCK,912810TW8,SELL,2000000,100-000,DONE,
2023-12-24 22:28:17.395 ,OGWDFVHGINCK,912810TW8,BUY,3000000,99-000,DONE,
2023-12-24 22:28:17.395 ,OGWDFVHGINCK,912810TW8,SELL,4000000,100-000,DONE,
2023-12-24 22:28:17.395 ,OGWDFVHGINCK,912810TW8,BUY,5000000,99-000,DONE,
2023-12-24 22:28:17.395 ,OGWDFVHGINCK,912810TV0,SELL,1000000,100-000,DONE,
2023-12-24 22:28:17.395 ,OGWDFVHGINCK,912810TV0,BUY,2000000,99-000,DONE,
2023-12-24 22:28:17.395 ,OGWDFVHGINCK,912810TV0,SELL,3000000,100-000,DONE,
2023-12-24 22:28:17.395 ,OGWDFVHGINCK,912810TV0,BUY,4000000,99-000,DONE,
2023-12-24 22:28:17.395 ,OGWDFVHGINCK,912810TV0,SELL,5000000,100-000,DONE,
2023-12-24 22:28:17.395 ,OGWDFVHGINCK,912810TV0,BUY,1000000,99-000,DONE,
2023-12-24 22:28:17.395 ,OGWDFVHGINCK,912810TV0,SELL,2000000,100-000,DONE,
2023-12-24 22:28:17.395 ,OGWDFVHGINCK,912810TV0,BUY,3000000,99-000,DONE,
2023-12-24 22:28:17.395 ,OGWDFVHGINCK,912810TV0,SELL,4000000,100-000,DONE,
2023-12-24 22:28:17.395 ,OGWDFVHGINCK,912810TV0,BUY,5000000,99-000,DONE,
2023-12-24 22:29:02.895 ,1HPN7QX1Y1FN,91282CJL6,SELL,1000000,100-000,DONE,
2023-12-24 22:29:02.895 ,1HPN7QX1Y1FN,91282CJL6,BUY,2000000,99-000,DONE,
2023-12-24 22:29:02.895 ,1HPN7QX1Y1FN,91282CJL6,SELL,3000000,100-000,DONE,
2023-12-24 22:29:02.895 ,1HPN7QX1Y1FN,91282CJL6,BUY,4000000,99-000,DONE,
2023-12-24 22:29:02.895 ,1HPN7QX1Y1FN,91282CJL6,SELL,5000000,100-000,DONE,
2023-12-24 22:29:02.895 ,1HPN7QX1Y1FN,91282CJL6,BUY,1000000,99-000,DONE,
2023-12-24 22:29:02.895 ,1HPN7QX1Y1FN,91282CJL6,SELL,2000000,100-000,DONE,
2023-12-24 22:29:02.895 ,1HPN7QX1Y1FN,91282CJL6,BUY,3000000,99-000,DONE,
2023-12-24 22:29:02.895 ,1HPN7QX1Y1FN,91282CJL6,SELL,4000000,100-000,DONE,
2023-12-24 22:29:02.895 ,1HPN7QX1Y1FN,91282CJL6,BUY,5000000,99-000,DONE,
2023-12-24 22:29:02.895 ,1HPN7QX1Y1FN,91282CJP7,SELL,1000000,100-000,DONE,
2023-12-24 22:29:02.896 ,1HPN7QX1Y1FN,91282CJP7,BUY,2000000,99-000,DONE,
2023-12-24 22:29:02.896 ,1HPN7QX1Y1FN,91282CJP7,SELL,3000000,100-000,DONE,
2023-12-24 22:29:02.896 ,1HPN7QX1Y1FN,91282CJP7,BUY,4000000,99-000,DONE,
2023-12-24 22:29:02.896 ,1HPN7QX1Y1FN,91282CJP7,SELL,5000000,100-000,DONE,
2023-12-24 22:29:02.896 ,1HPN7QX1Y1FN,91282CJP7,BUY,1000000,99-000,DONE,
2023-12-24 22:29:02.896 ,1HPN7QX1Y1FN,91282CJP7,SELL,2000000,100-000,DONE,
2023-12-24 22:29:02.896 ,1HPN7QX1Y1FN,91282CJP7,BUY,3000000,99-000,DONE,
2023-12-24 22:29:02.896 ,1HPN7QX1Y1FN,91282CJP7,SELL,4000000,100-000,DONE,
2023-12-24 22:29:02.896 ,1HPN7QX1Y1FN,91282CJP7,BUY,5000000,99-000,DONE,
2023-12-24 22:29:02.896 ,1HPN7QX1Y1FN,91282CJN2,SELL,1000000,100-000,DONE,
2023-12-24 22:29:02.896 ,1HPN7QX1Y1FN,91282CJN2,BUY,2000000,99-000,DONE,
2023-12-24 22:29:02.896 ,1HPN7QX1Y1FN,91282CJN2,SELL,3000000,100-000,DONE,
2023-12-24 22:29:02.896 ,1HPN7QX1Y1FN,91282CJN2,BUY,4000000,99-000,DONE,
2023-12-24 22:29:02.896 ,1HPN7QX1Y1FN,91282CJN2,SELL,5000000,100-000,DONE,
2023-12-24 22:29:02.896 ,1HPN7QX1Y1FN,91282CJN2,BUY,1000000,99-000,DONE,
2023-12-24 22:29:02.896 ,1HPN7QX1Y1FN,91282CJN2,SELL,2000000,100-000,DONE,
2023-12-24 22:29:02.896 ,1HPN7QX1Y1FN,91282CJN2,BUY,3000000,99-000,DONE,
2023-12-24 22:29:02.896 ,1HPN7QX1Y1FN,91282CJN2,SELL,4000000,100-000,DONE,
2023-12-24 22:29:02.896 ,1HPN7QX1Y1FN,91282CJN2,BUY,5000000,99-000,DONE,
2023-12-24 22:29:02.896 ,1HPN7QX1Y1FN,91282CJM4,SELL,1000000,100-000,DONE,
2023-12-24 22:29:02.896 ,1HPN7QX1Y1FN,91282CJM4,BUY,2000000,99-000,DONE,
2023-12-24 22:29:02.896 ,1HPN7QX1Y1FN,91282CJM4,SELL,3000000,100-000,DONE,
2023-12-24 22:29:02.896 ,1HPN7QX1Y1FN,91282CJM4,BUY,4000000,99-000,DONE,
2023-12-24 22:29:02.896 ,1HPN7QX1Y1FN,91282CJM4,SELL,5000000,100-000,DONE,
2023-12-24 22:29:02.896 ,1HPN7QX1Y1FN,91282CJM4,BUY,1000000,99-000,DONE,
2023-12-24 22:29:02.896 ,1HPN7QX1Y1FN,91282CJM4,SELL,2000000,100-000,DONE,
2023-12-24 22:29:02.896 ,1HPN7QX1Y1FN,91282CJM4,BUY,3000000,99-000,DONE,
2023-12-24 22:29:02.896 ,1HPN7QX1Y1FN,91282CJM4,SELL,4000000,100-000,DONE,
2023-12-24 22:29:02.896 ,1HPN7QX1Y1FN,91282CJM4,BUY,5000000,99-000,DONE,
2023-12-24 22:29:02.896 ,1HPN7QX1Y1FN,91282CJJ1,SELL,1000000,100-000,DONE,
2023-12-24 22:29:02.897 ,1HPN7QX1Y1FN,91282CJJ1,BUY,2000000,99-000,DONE,
2023-12-24 22:29:02.897 ,1HPN7QX1Y1FN,91282CJJ1,SELL,3000000,100-000,DONE,
2023-12-24 22:29:02.897 ,1HPN7QX1Y1FN,91282CJJ1,BUY,4000000,99-000,DONE,
2023-12-24 22:29:02.897 ,1HPN7QX1Y1FN,91282CJJ1,SELL,5000000,100-000,DONE,
2023-12-24 22:29:02.897 ,1HPN7QX1Y1FN,91282CJJ1,BUY,1000000,99-000,DONE,
2023-12-24 22:29:02.897 ,1HPN7QX1Y1FN,91282CJJ1,SELL,2000000,100-000,DONE,
2023-12-24 22:29:02.897 ,1HPN7QX1Y1FN,91282CJJ1,BUY,3000000,99-000,DONE,
2023-12-24 22:29:02.897 ,1HPN7QX1Y1FN,91282CJJ1,SELL,4000000,100-000,DONE,
2023-12-24 22:29:02.897 ,1HPN7QX1Y1FN,91282CJJ1,BUY,5000000,99-000,DONE,
2023-12-24 22:29:02.897 ,1HPN7QX1Y1FN,912810TW8,SELL,1000000,100-000,DONE,
2023-12-24 22:29:02.897 ,1HPN7QX1Y1FN,912810TW8,BUY,2000000,99-000,DONE,
2023-12-24 22:29:02.897 ,1HPN7QX1Y1FN,912810TW8,SELL,3000000,100-000,DONE,
2023-12-24 22:29:02.897 ,1HPN7QX1Y1FN,912810TW8,BUY,4000000,99-000,DONE,
2023-12-24 22:29:02.897 ,1HPN7QX1Y1FN,912810TW8,SELL,5000000,100-000,DONE,
2023-12-24 22:29:02.897 ,1HPN7QX1Y1FN,912810TW8,BUY,1000000,99-000,DONE,
2023-12-24 22:29:02.897 ,1HPN7QX1Y1FN,912810TW8,SELL,2000000,100-000,DONE,
2023-12-24 22:29:02.897 ,1HPN7QX1Y1FN,912810TW8,BUY,3000000,99-000,DONE,
2023-12-24 22:29:02.897 ,1HPN7QX1Y1FN,912810TW8,SELL,4000000,100-000,DONE,
2023-12-24 22:29:02.897 ,1HPN7QX1Y1FN,912810TW8,BUY,5000000,99-000,DONE,
2023-12-24 22:29:02.897 ,1HPN7QX1Y1FN,912810TV0,SELL,1000000,100-000,DONE,
2023-12-24 22:29:02.897 ,1HPN7QX1Y1FN,912810TV0,BUY,2000000,99-000,DONE,
2023-12-24 22:29:02.897 ,1HPN7QX1Y1FN,912810TV0,SELL,3000000,100-000,DONE,
2023-12-24 22:29:02.897 ,1HPN7QX1Y1FN,912810TV0,BUY,4000000,99-000,DONE,
2023-12-24 22:29:02.897 ,1HPN7QX1Y1FN,912810TV0,SELL,5000000,100-000,DONE,
2023-12-24 22:29:02.897 ,1HPN7QX1Y1FN,912810TV0,BUY,1000000,99-000,DONE,
2023-12-24 22:29:02.897 ,1HPN7QX1Y1FN,912810TV0,SELL,2000000,100-000,DONE,
2023-12-24 22:29:02.897 ,1HPN7QX1Y1FN,912810TV0,BUY,3000000,99-000,DONE,
2023-12-24 22:29:02.897 ,1HPN7QX1Y1FN,912810TV0,SELL,4000000,100-000,DONE,
2023-12-24 22:29:02.897 ,1HPN7QX1Y1FN,912810TV0,BUY,5000000,99-000,DONE,
